@article{phong1975illumination,
  title={Illumination for computer generated pictures},
  author={Phong, Bui Tuong},
  journal={Communications of the ACM},
  volume={18},
  number={6},
  pages={311--317},
  year={1975},
  publisher={ACM}
}

@inproceedings{mcauley2012practical,
  title={Practical physically-based shading in film and game production},
  author={McAuley, Stephen and Hill, Stephen and Hoffman, Naty and Gotanda, Yoshiharu and Smits, Brian and Burley, Brent and Martinez, Adam},
  booktitle={ACM SIGGRAPH 2012 Courses},
  pages={10},
  year={2012},
  organization={ACM}
}

@article{blinn1976texture,
  title={Texture and reflection in computer generated images},
  author={Blinn, James F and Newell, Martin E},
  journal={Communications of the ACM},
  volume={19},
  number={10},
  pages={542--547},
  year={1976},
  publisher={ACM}
}

@inproceedings{mitchell1987generating,
  title={Generating antialiased images at low sampling densities},
  author={Mitchell, Don P},
  booktitle={ACM SIGGRAPH Computer Graphics},
  volume={21},
  number={4},
  pages={65--72},
  year={1987},
  organization={ACM}
}

@inproceedings{blinn1977models,
  title={Models of light reflection for computer synthesized pictures},
  author={Blinn, James F},
  booktitle={ACM SIGGRAPH Computer Graphics},
  volume={11},
  number={2},
  pages={192--198},
  year={1977},
  organization={ACM}
}

@inproceedings{zhang1994analysis,
  title={Analysis of shape from shading techniques},
  author={Zhang, Ruo and Tsai, Pin-Sing and others},
  booktitle={Computer Vision and Pattern Recognition, 1994. Proceedings CVPR'94., 1994 IEEE Computer Society Conference on},
  pages={377--384},
  year={1994},
  organization={IEEE}
}

@article{iones2003fast,
  title={Fast, realistic lighting for video games},
  author={Iones, Andrey and Krupkin, Anton and Sbert, Mateu and Zhukov, Sergey},
  journal={IEEE computer graphics and applications},
  volume={23},
  number={3},
  pages={54--64},
  year={2003},
  publisher={IEEE}
}

